@manual{HPE:2017,
      title  = "HPE Format-Preserving Encryption",
      note   = "\url{https://www.voltage.com/technology/data-encryption/hpe-format-preserving-encryption/}",
      year   = "2017 (accessed April 20, 2017)"
}
